@online{deloitte-2014-tv-report,
  author = {Deloitte},
  title = {Deloitte},
  year = {2023},
  url = {https://www2.deloitte.com/content/dam/Deloitte/tr/Documents/technology-media-telecommunications/tr-media-tv-report.pdf},
  urldate = {2024-01-02},
}
